
@book{kirk2016programming,
  title={Programming massively parallel processors: a hands-on approach},
  author={Kirk, David B and Wen-Mei, W Hwu},
  year={2016},
  publisher={Morgan kaufmann}
}

@online{SD_openCV,
    author = {OpenCV},
    title = {Sobel Derivatives},
    url = {https://docs.opencv.org/2.4/doc/tutorials/imgproc/imgtrans/sobel_derivatives/sobel_derivatives.html}
}

@online{CUDAZone,
    author = {NVIDIA},
    title = {CUDA Zone},
    url = {https://developer.nvidia.com/cuda-zone}
}

@online{opencv,
    author = {OpenCV},
    title = {OpenCV},
    url = {https://opencv.org/}
}

@online{c++,
    author = {C++},
    title = {Cpp Reference},
    url = {http://en.cppreference.com/w/cpp/language}
}

@online{4rios,
    author = {CuatroRíosTecnologías},
    title = {OpenCV Librería de Visión por Computador},
    url = {http://www.cuatrorios.org/index.php?option=com_content&view=article&id=169:opencv-librer\%C3\%ADa-de-visi\%C3\%B3n-por-computador&catid=39:blogsfeeds}
}

@online{repo,
    author = {},
    title = {SecondPartialHPC},
    url = {https://github.com/jeacevedo92/SecondPartialHPC}
}

@online{QECUDA,
    author = {NVIDIA},
    title = {QUÉ ES CUDA},
    url = {http://www.nvidia.es/object/cuda-parallel-computing-es.html}
}

@online{gray,
    author = {OpenCV},
    title = {Color conversions},
    url = {https://docs.opencv.org/3.1.0/de/d25/imgproc_color_conversions.html}
}

@online{sobel,
    author = {OpenCV},
    title = {Sobel},
    url = {https://docs.opencv.org/2.4/modules/imgproc/doc/filtering.html?highlight=sobel#sobel}
}

@online{sobelED,
    author = {Robert Fisher, Simon Perkins, Ashley Walker and Erik Wolfart},
    title = {Sobel Edge Detector},
    url = {http://homepages.inf.ed.ac.uk/rbf/HIPR2/sobel.htm}
}

@online{constantMemory,
    author = {Nitin Gupta},
    title = {WHAT IS CONSTANT MEMORY IN CUDA},
    url = {http://cuda-programming.blogspot.com.co/2013/01/what-is-constant-memory-in-cuda.html}
}
